@article{yin2011sparse,
	title={A sparse conditional gaussian graphical model for analysis of genetical genomics data},
	author={Yin, Jianxin and Li, Hongzhe},
	journal={The annals of applied statistics},
	volume={5},
	number={4},
	pages={2630},
	year={2011},
	publisher={NIH Public Access}
}

@inproceedings{mccarter2014sparse,
	title={On Sparse Gaussian Chain Graph Models},
	author={McCarter, Calvin and Kim, Seyoung},
	booktitle={Advances in Neural Information Processing Systems},
	pages={3212--3220},
	year={2014}
}

@article{yuan2014partial,
	title={Partial gaussian graphical model estimation},
	author={Yuan, Xiao-Tong and Zhang, Tong},
	journal={Information Theory, IEEE Transactions on},
	volume={60},
	number={3},
	pages={1673--1687},
	year={2014},
	publisher={IEEE}
}

@inproceedings{sohn2012joint,
  title={Joint estimation of structured sparsity and output structure in multiple-output regression via inverse-covariance regularization},
  author={Sohn, Kyung-Ah and Kim, Seyoung},
  booktitle={International Conference on Artificial Intelligence and Statistics},
  pages={1081--1089},
  year={2012}
}

@book{golub2012matrix,
  title={Matrix computations},
  author={Golub, Gene H and Van Loan, Charles F},
  volume={3},
  year={2012},
  publisher={JHU Press}
}

@Manual{huge,
    title = {huge: High-Dimensional Undirected Graph Estimation},
    author = {Tuo Zhao and Xingguo Li and Han Liu and Kathryn Roeder and John Lafferty and Larry Wasserman},
    year = {2015},
    note = {R package version 1.2.7},
    url = {http://CRAN.R-project.org/package=huge},
  }

@inproceedings{yang2014mixed,
  title={Mixed graphical models via exponential families},
  author={Yang, Eunho and Baker, Yulia and Ravikumar, Pradeep and Allen, Genevera and Liu, Zhandong},
  booktitle={Proceedings of the Seventeenth International Conference on Artificial Intelligence and Statistics},
  pages={1042--1050},
  year={2014}
}

@article{lauritzen1989graphical,
  title={Graphical models for associations between variables, some of which are qualitative and some quantitative},
  author={Lauritzen, Steffen L and Wermuth, Nanny},
  journal={The Annals of Statistics},
  pages={31--57},
  year={1989},
  publisher={JSTOR}
}

@article{andersson2001alternative,
  title={Alternative Markov properties for chain graphs},
  author={Andersson, Steen A and Madigan, David and Perlman, Michael D},
  journal={Scandinavian journal of statistics},
  volume={28},
  number={1},
  pages={33--85},
  year={2001},
  publisher={Blackwell}
}

@article{zhang2014confidence,
  title={Confidence intervals for low dimensional parameters in high dimensional linear models},
  author={Zhang, Cun-Hui and Zhang, Stephanie S},
  journal={Journal of the Royal Statistical Society: Series B (Statistical Methodology)},
  volume={76},
  number={1},
  pages={217--242},
  year={2014},
  publisher={Wiley Online Library}
}

@article{frydenberg1990chain,
  title={The chain graph Markov property},
  author={Frydenberg, Morten},
  journal={Scandinavian Journal of Statistics},
  pages={333--353},
  year={1990},
  publisher={JSTOR}
}

@article{drton2008sinful,
  title={A SINful approach to Gaussian graphical model selection},
  author={Drton, Mathias and Perlman, Michael D},
  journal={Journal of Statistical Planning and Inference},
  volume={138},
  number={4},
  pages={1179--1200},
  year={2008},
  publisher={Elsevier}
}

@inproceedings{wang2007local,
  title={Local probabilistic models for link prediction},
  author={Wang, Chao and Satuluri, Venu and Parthasarathy, Srinivasan},
  booktitle={Data Mining, 2007. ICDM 2007. Seventh IEEE International Conference on},
  pages={322--331},
  year={2007},
  organization={IEEE}
}

@article{sobel2000causal,
  title={Causal inference in the social sciences},
  author={Sobel, Michael E},
  journal={Journal of the American Statistical Association},
  volume={95},
  number={450},
  pages={647--651},
  year={2000},
  publisher={Taylor \& Francis Group}
}

@article{sachs2005causal,
  title={Causal protein-signaling networks derived from multiparameter single-cell data},
  author={Sachs, Karen and Perez, Omar and Pe'er, Dana and Lauffenburger, Douglas A and Nolan, Garry P},
  journal={Science},
  volume={308},
  number={5721},
  pages={523--529},
  year={2005},
  publisher={American Association for the Advancement of Science}
}


@book{buhlmann2011statistics,
  title={Statistics for high-dimensional data: methods, theory and applications},
  author={B{\"u}hlmann, Peter and Van De Geer, Sara},
  year={2011},
  publisher={Springer Science \& Business Media}
}

@article{javanmard2015biasing,
  title={De-biasing the Lasso: Optimal Sample Size for Gaussian Designs},
  author={Javanmard, Adel and Montanari, Andrea},
  journal={arXiv preprint arXiv:1508.02757},
  year={2015}
}

@article{javanmard2014confidence,
  title={Confidence intervals and hypothesis testing for high-dimensional regression},
  author={Javanmard, Adel and Montanari, Andrea},
  journal={Journal of Machine Learning Research},
  volume={15},
  number={1},
  pages={2869--2909},
  year={2014},
  publisher={JMLR. org}
}

@article{meinshausen2010stability,
  title={Stability selection},
  author={Meinshausen, Nicolai and B{\"u}hlmann, Peter},
  journal={Journal of the Royal Statistical Society: Series B (Statistical Methodology)},
  volume={72},
  number={4},
  pages={417--473},
  year={2010},
  publisher={Wiley Online Library}
}

@article{cai2012covariate,
  title={Covariate-adjusted precision matrix estimation with an application in genetical genomics},
  author={Cai, T Tony and Li, Hongzhe and Liu, Weidong and Xie, Jichun},
  journal={Biometrika},
  pages={ass058},
  year={2012},
  publisher={Biometrika Trust}
}

@article{rothman2010sparse,
  title={Sparse multivariate regression with covariance estimation},
  author={Rothman, Adam J and Levina, Elizaveta and Zhu, Ji},
  journal={Journal of Computational and Graphical Statistics},
  volume={19},
  number={4},
  pages={947--962},
  year={2010},
  publisher={Taylor \& Francis}
}


@article{lee2012simultaneous,
  title={Simultaneous multiple response regression and inverse covariance matrix estimation via penalized Gaussian maximum likelihood},
  author={Lee, Wonyul and Liu, Yufeng},
  journal={Journal of multivariate analysis},
  volume={111},
  pages={241--255},
  year={2012},
  publisher={Elsevier}
}

@article{friedman2008sparse,
  title={Sparse inverse covariance estimation with the graphical lasso},
  author={Friedman, Jerome and Hastie, Trevor and Tibshirani, Robert},
  journal={Biostatistics},
  volume={9},
  number={3},
  pages={432--441},
  year={2008},
  publisher={Biometrika Trust}
}

@article{kalisch2007estimating,
  title={Estimating high-dimensional directed acyclic graphs with the PC-algorithm},
  author={Kalisch, Markus and B{\"u}hlmann, Peter},
  journal={Journal of Machine Learning Research},
  volume={8},
  pages={613--636},
  year={2007},
  publisher={JMLR. org}
}

@article{shojaie2010penalized,
  title={Penalized likelihood methods for estimation of sparse high-dimensional directed acyclic graphs},
  author={Shojaie, Ali and Michailidis, George},
  journal={Biometrika},
  volume={97},
  number={3},
  pages={519--538},
  year={2010},
  publisher={Biometrika Trust}
}

@article{cai2011constrained,
  title={A constrained $\ell_1$ minimization approach to sparse precision matrix estimation},
  author={Cai, Tony and Liu, Weidong and Luo, Xi},
  journal={Journal of the American Statistical Association},
  volume={106},
  number={494},
  pages={594--607},
  year={2011},
  publisher={Taylor \& Francis}
}

@article{meinshausen2006high,
  title={High-dimensional graphs and variable selection with the lasso},
  author={Meinshausen, Nicolai and B{\"u}hlmann, Peter},
  journal={The Annals of Statistics},
  pages={1436--1462},
  year={2006},
  publisher={JSTOR}
}

@article{benjamini1995controlling,
  title={Controlling the false discovery rate: a practical and powerful approach to multiple testing},
  author={Benjamini, Yoav and Hochberg, Yosef},
  journal={Journal of the Royal Statistical Society. Series B (Methodological)},
  pages={289--300},
  year={1995},
  publisher={JSTOR}
}

@article{loh2011high,
  title={High-dimensional regression with noisy and missing data: provable guarantees with nonconvexity},
  author={Loh, Po-Ling and Wainwright, Martin J},
  journal={The Annals of Statistics},
  volume={40},
  number={3},
  pages={1637--1664},
  year={2012},
  publisher={imstat.org}
}

@article{basu2015estimation,
  title={Regularized Estimation in sparse high-dimensional time series models},
  author={Basu, Sumanta and Michailidis, George},
  journal={The Annals of Statistics},
  volume={43},
  number={4},
  pages={1535–-1567},
  year={2015},
  publisher={imstat.org}
}


@article{ravikumar2011high,
  title={High-dimensional covariance estimation by minimizing ℓ1-penalized log-determinant divergence},
  author={Ravikumar, Pradeep and Wainwright, Martin J and Raskutti, Garvesh and Yu, Bi},
  journal={Electronic Journal of Statistics},
  volume={5},
  pages={935--980},
  year={2011},
  publisher={Institute of Mathematical Statistics}
}

@article{tseng2001convergence,
  title={Convergence of a block coordinate descent method for nondifferentiable minimization},
  author={Tseng, Paul},
  journal={Journal of optimization theory and applications},
  volume={109},
  number={3},
  pages={475--494},
  year={2001},
  publisher={Springer}
}

@article{bradley2011parallel,
  title={Parallel coordinate descent for l1-regularized loss minimization},
  author={Bradley, Joseph K and Kyrola, Aapo and Bickson, Danny and Guestrin, Carlos},
  journal={arXiv preprint arXiv:1105.5379},
  year={2011}
}

@article{richtarik2012parallel,
  title={Parallel coordinate descent methods for big data optimization},
  author={Richt{\'a}rik, Peter and Tak{\'a}{\v{c}}, Martin},
  journal={Mathematical Programming},
  pages={1--52},
  year = {2012},
  publisher={Springer}
}

@article{scherrer2012scaling,
  title={Scaling Up Coordinate Descent Algorithms for Large L1 Regularization Problems},
  author={Scherrer, Chad and Halappanavar, Mahantesh and Tewari, Ambuj and Haglin, David},
  journal={arXiv preprint arXiv:1206.6409},
  year={2012}
}

@article{yuan2007model,
  title={Model selection and estimation in the Gaussian graphical model},
  author={Yuan, Ming and Lin, Yi},
  journal={Biometrika},
  volume={94},
  number={1},
  pages={19--35},
  year={2007},
  publisher={Biometrika Trust}
}

@article{banerjee2008model,
  title={Model selection through sparse maximum likelihood estimation for multivariate gaussian or binary data},
  author={Banerjee, Onureena and El Ghaoui, Laurent and d'Aspremont, Alexandre},
  journal={Journal of Machine Learning Research},
  volume={9},
  pages={485--516},
  year={2008},
  publisher={JMLR. org}
}

@article{peng2009partial,
  title={Partial correlation estimation by joint sparse regression models},
  author={Peng, Jie and Wang, Pei and Zhou, Nengfeng and Zhu, Ji},
  journal={Journal of the American Statistical Association},
  volume={104},
  number={486},
  year={2009}
}

@article{van2014asymptotically,
  title={On asymptotically optimal confidence regions and tests for high-dimensional models},
  author={Van de Geer, Sara and B{\"u}hlmann, Peter and Ritov, Ya’acov and Dezeure, Ruben},
  journal={The Annals of Statistics},
  volume={42},
  number={3},
  pages={1166--1202},
  year={2014},
  publisher={Institute of Mathematical Statistics}
}

@article{wangjoint2015,
  title={Joint estimation of sparse multivariate regression and conditional graphical models},
  author={Wang,Junhui},
  journal = {Statistica Sinica},
  volume = {25},
  year = {2015},
  pages = {831-851}
}

@book{spirtes2000causation,
  title={Causation, prediction, and search},
  author={Spirtes, Peter and Glymour, Clark N and Scheines, Richard},
  volume={81},
  year={2000},
  publisher={MIT press}
}

@article{tsamardinos2006max,
  title={The max-min hill-climbing Bayesian network structure learning algorithm},
  author={Tsamardinos, Ioannis and Brown, Laura E and Aliferis, Constantin F},
  journal={Machine learning},
  volume={65},
  number={1},
  pages={31--78},
  year={2006},
  publisher={Springer}
}

@article{candes2007dantzig,
  title={The Dantzig selector: statistical estimation when p is much larger than n},
  author={Candes, Emmanuel and Tao, Terence},
  journal={The Annals of Statistics},
  pages={2313--2351},
  year={2007},
  publisher={JSTOR}
}

@book{lauritzen1996graphical,
  title={Graphical models},
  author={Lauritzen, Steffen L},
  year={1996},
  publisher={Oxford University Press}
}

@book{lehmann1998theory,
  title={Theory of point estimation},
  author={Lehmann, Erich Leo and Casella, George},
  volume={31},
  year={1998},
  publisher={Springer Science \& Business Media}
}
