@ARTICLE {GligPrzulj15,
    author  = "{Gligorijevi\'{c}}, V. and N. {Pr\v{z}ulj}",
    title   = "Methods for biological data integration: perspectives and challenges",
    journal = "J. R. Soc. Interface",
    year    = "2015",
    volume  = "12",
    number  = "112",
    pages   = "20150571"
}

@ARTICLE {DrtonPerlman07,
    author  = "Drton, M. and M. D. Perlman",
    title   = "{Multiple Testing and Error Control in Gaussian Graphical Model Selection}",
    journal = "Statist. Sci.",
    year    = "2007",
    volume  = "22",
    number  = "3",
    pages   = "430--449"
}

@ARTICLE {MeisenBuhlmann06,
    author  = "Meinshausen, N. and P. {B\"{u}hlmann}",
    title   = "High dimensional graphs and variable selection with the Â¨ lasso",
    journal = "Ann. Statist.",
    year    = "2006",
    volume  = "34",
    number  = "3",
    pages   = "1436--1462"
}

@ARTICLE {Liu17,
    author  = "Liu, W.",
    title   = "{Structural similarity and difference testing on multiple sparse Gaussian graphical models}",
    journal = "Ann. Statist.",
    year    = "2017+",
    volume  = "To appear"
}
@ARTICLE {MaMichailidis15,
    author  = "Ma, J. and G. Michailidis",
    title   = "{Joint Structural Estimation of Multiple Graphical Models}",
    journal = "J. Mach. Learn. Res.",
    year    = "2016",
    volume  = "17",
    pages   = "5777--5824"
}

@ARTICLE {LinEtal16,
    author  = "Lin, J. and S. Basu and M. Banerjee and G. Michailidis",
    title   = "{Penalized Maximum Likelihood Estimation of Multi-layered Gaussian Graphical Models}",
    journal = "J. Mach. Learn. Res.",
    year    = "2016",
    volume  = "17",
    pages   = "5097--5147"
}