@ARTICLE {MajumdarChatterjeeStat,
    author  = "Majumdar, S. and S. Chatterjee",
    title   = "{Non-convex penalized multitask regression using data depth-based penalties}",
    journal = "Stat",
    year    = "2018",
    volume  = "To appear"
}

@ARTICLE {ObozinskiEtal11,
    author  = "Obozinski, G. and M. J. Wainwright and M. I. Jordan",
    title   = "{Support Union Recovery in High-dimensional Multivariate Regression}",
    journal = "Ann. Statist.",
    year    = "2011",
    volume  = "39",
    pages   = "1--47"
}

@UNPUBLISHED {StuckyVandeGeer17,
    author = "Stucky, B. and S. {van de Geer}",
    title  = "{Asymptotic Confidence Regions for Highdimensional Structured Sparsity}",
    note   = "\url{https://arxiv.org/abs/1706.09231}",
    year   = "2017"
}

@ARTICLE {vanDeGeerEtal14,
    author  = "{van de Geer}, S. and {B\"{u}hlmann}, P. and Ritov, Y. and Dezeure, R.",
    title   = "{On Asymptotically Optimal Confidence Regions and Tests for High-Dimensional Models}",
    journal = "Ann. Statist.",
    year    = "2014",
    volume  = "42",
    pages   = "1166--1202"
}

@ARTICLE {ZhangZhang14,
    author  = "Zhang, C.-H. and S. S. Zhang",
    title   = "{Confidence Intervals for Low Dimensional Parameters in High Dimensional Linear Models}",
    journal = "J. R. Statist. Soc. B",
    year    = "2014",
    volume  = "76",
    pages   = "217--242"
}

@ARTICLE {CaiLiu16,
    author  = "Cai, T. T. and W. Liu",
    title   = "{Large-Scale Multiple Testing of Correlations}",
    journal = "J. Amer. Stat. Assoc.",
    year    = "2016",
    volume  = "111",
    number  = "513",
    pages   = "229--240"
}

@ARTICLE {MitraZhang16,
    author  = "Mitra, R. and C.-H. Zhang",
    title   = "The benefit of group sparsity in group inference with de-biased scaled group Lasso",
    journal = "Electron. J. Stat.",
    year    = "2016",
    volume  = "10",
    pages   = "1829--1873"
}

@ARTICLE {MeisenBuhlmann06,
    author  = "Meinshausen, N. and P. {B\"{u}hlmann}",
    title   = "High dimensional graphs and variable selection with the Â¨ lasso",
    journal = "Ann. Statist.",
    year    = "2006",
    volume  = "34",
    number  = "3",
    pages   = "1436--1462"
}

@ARTICLE {JavanmardMontanari14,
    author  = "Javanmard, A. and A. Montanari",
    title   = "Confidence intervals and hypothesis testing for high-dimensional regression",
    journal = "J. Mach. Learn. Res.",
    year    = "2014",
    volume  = "15",
    number  = "1",
    pages   = "2869--2909"
}

@ARTICLE {GuoEtal11,
    author  = "Guo, J. and E. Levina and G. Michailidis and J. Zhu",
    title   = "Joint estimation of multiple graphical models",
    journal = "Biometrika",
    year    = "2011",
    volume  = "98",
    number  = "1",
    pages   = "1--15"
}

@ARTICLE {LiuShao14,
    author  = "Liu, W. and Q.-M. Shao",
    title   = "{Phase transition and regularized bootstrap in large-scale $t$-tests with false discovery rate control}",
    journal = "Ann. Statist.",
    year    = "2014",
    volume  = "42",
    number  = "5",
    pages   = "2003--2025"
}

@ARTICLE {Efron07,
    author  = "Efron, B.",
    title   = "{Correlation and large-scale simultaneous significance testing}",
    journal = "J. Amer. Statist. Assoc.",
    year    = "2007",
    volume  = "102",
    pages   = "93--103"
}

@ARTICLE {Liu17,
    author  = "Liu, W.",
    title   = "{Structural similarity and difference testing on multiple sparse Gaussian graphical models}",
    journal = "Ann. Statist.",
    year    = "2017",
    volume  = "45",
    number  = "6",
    pages   = "2680--2707"
}

@ARTICLE {RavikumarEtal11,
    author  = "Ravikumar, P. and M. J. Wainwright and G. Raskutti and B. Yu",
    title   = "{High-dimensional covariance estimation by minimizing $\ell_1$-penalized log-determinant divergence}",
    journal = "Electron. J. Stat.",
    year    = "2011",
    volume  = "5",
    pages   = "935--980"
}

@ARTICLE {LohWainwright12,
    author  = "Loh, P.-L. and M. J. Wainwright",
    title   = "{High-dimensional regression with noisy and missing data: Provable guarantees with nonconvexity}",
    journal = "Ann. Statist.",
    year    = "2012",
    volume  = "40",
    number  = "3",
    pages   = "1637--1664"
}

@ARTICLE {MaMichailidis15,
    author  = "Ma, J. and G. Michailidis",
    title   = "{Joint Structural Estimation of Multiple Graphical Models}",
    journal = "J. Mach. Learn. Res.",
    year    = "2016",
    volume  = "17",
    pages   = "5777--5824"
}

@ARTICLE {LouniciEtal11,
    author  = "Lounici, K. and M. Pontil and S. {van de Geer} and A. B. Tsybakov",
    title   = "{Oracle Inequalities and Optimal Inference under Group Sparsity}",
    journal = "Ann. Statist.",
    year    = "2011",
    volume  = "39",
    number  = "4",
    pages   = "2164--2204"
}

@ARTICLE {LinEtal16,
    author  = "Lin, J. and S. Basu and M. Banerjee and G. Michailidis",
    title   = "{Penalized Maximum Likelihood Estimation of Multi-layered Gaussian Graphical Models}",
    journal = "J. Mach. Learn. Res.",
    year    = "2016",
    volume  = "17",
    pages   = "5097--5147"
}